@book{simo2006computational,
  title={Computational inelasticity},
  author={Simo, Juan C and Hughes, Thomas JR},
  volume={7},
  year={2006},
  publisher={Springer Science \& Business Media}
}

@book{dunne2005introduction,
  title={Introduction to computational plasticity},
  author={Dunne, Fionn and Petrinic, Nik},
  year={2005},
  publisher={Oxford University Press on Demand}
}
