@article{Furfaro2015
  title={A simple {HLLC}-type {R}iemann solver for compressible non-equilibrium two-phase flows},
  author={D. Furfaro and R. Saurel},
  journal={Computers & Fluids},
  volume={111},
  year={2015},
  pages={159--178}
}

@article{batten1997average,
  title={{Average-state Jacobians and implicit methods for compressible viscous and turbulent flows}},
  author={Batten, P and Leschziner, MA and Goldberg, UC},
  journal={Journal of Computational Physics},
  volume={137},
  number={1},
  pages={38--78},
  year={1997},
  publisher={Elsevier}
}
