@article{cincotti2007sps,
author = {Cincotti, A. and Locci, A. M. and Orr√π, R. and Cao, G.},
title = {Modeling of {SPS} apparatus: Temperature, current and strain distribution with no powders},
journal = {AIChE Journal},
volume = {53},
number = {3},
pages = {703-719},
doi = {10.1002/aic.11102},
year = {2007}
}

@article{babu2001contactresistance,
author = {Babu, S. S. and Santella, M. L. and Feng, Z. and Riemer, B. W. and Cohron, J. W.},
title = {Empirical model of effects of pressure and temperature on electrical contact resistance of metals},
journal = {Sci Technol Weld Joining},
volume = {6},
number = {3},
pages = {126-132},
year = {2001}
}
