@book{ref2,
  author = {Firstname M. Lastname},
  title = {The second reference},
  publisher = {The publisher},
  year = {2019}
}
