@article{ref1,
  author = {Firstname M. Lastname},
  title = {The first reference},
  journal = {The journal},
  year = {2019},
  volume = {1}
}
