@article {FLD:FLD1650020302,
author = {Engelman, M. S. and Sani, R. L. and Gresho, P. M.},
title = {The implementation of normal and/or tangential boundary conditions in finite element codes for incompressible fluid flow},
journal = {International Journal for Numerical Methods in Fluids},
volume = {2},
number = {3},
publisher = {John Wiley & Sons, Ltd},
issn = {1097-0363},
url = {http://dx.doi.org/10.1002/fld.1650020302},
doi = {10.1002/fld.1650020302},
pages = {225--238},
keywords = {Normal Direction, Boundary Conditions, Incompressible, Mass Conservation},
year = {1982},
}
