@book{simo2006computational,
  title={Computational inelasticity},
  author={Simo, Juan C and Hughes, Thomas JR},
  volume={7},
  year={2006},
  publisher={Springer Science \& Business Media}
}

@book{dunne2005introduction,
  title={Introduction to computational plasticity},
  author={Dunne, Fionn and Petrinic, Nik},
  year={2005},
  publisher={Oxford University Press on Demand}
}

@article{niffenegger2012proper,
  Author = {Niffenegger, Markus and Reichlin, Klaus},
  Doi = {10.1016/j.nucengdes.2011.12.006},
  Journal = {Nuclear Engineering and Design},
  Month = feb,
  Pages = {356--359},
  Title = {The proper use of thermal expansion coefficients in finite element calculations},
  Volume = {243},
  Year = {2012}
}

@book{hughes1987finite,
  title = {The Finite Element Method, Linear Static and Dynamic Finite Element Analysis},
  publisher = {New Jersey:Prentice-Hall},
  year = {1987},
  author = {Hughes, T.~J.~R}
}

@book{bower2009applied,
  title = {Applied mechanics of solids},
  publisher = {CRC press},
  year = {2009},
  author = {Bower, A.~F.}
}

@article{miehe2015phasefield,
  title = "Phase field modeling of fracture in multi-physics problems. Part I. Balance of crack surface and failure criteria for brittle crack propagation in thermo-elastic solids",
  journal = "Computer Methods in Applied Mechanics and Engineering",
  volume = "294",
  pages = "449 - 485",
  year = "2015",
  issn = "0045-7825",
  doi = "http://dx.doi.org/10.1016/j.cma.2014.11.016",
  url = "http://www.sciencedirect.com/science/article/pii/S0045782514004423",
  author = "Christian Miehe and Lisa-Marie Sch√§nzel and Heike Ulmer"
}

@article{chakraborty2016intergranularfracture,
  title = "Multi-scale modeling of microstructure dependent intergranular brittle fracture using a quantitative phase-field based method ",
  journal = "Computational Materials Science ",
  volume = "113",
  pages = "38 - 52",
  year = "2016",
  issn = "0927-0256",
  doi = "https://doi.org/10.1016/j.commatsci.2015.11.010",
  url = "http://www.sciencedirect.com/science/article/pii/S092702561500717X",
  author = "Pritam Chakraborty and Yongfeng Zhang and Michael R. Tonks"
}
